<record><leader>00000cas a2200000 a 4500</leader><controlfield tag="001">28396319</controlfield><controlfield tag="008">930708d1902190uiluwr ne      0   a0eng c</controlfield><datafield ind1=" " ind2=" " tag="010"><subfield code="a">sn 93055745 </subfield></datafield><datafield ind1=" " ind2=" " tag="040"><subfield code="a">NVF</subfield><subfield code="b">eng</subfield><subfield code="c">NVF</subfield><subfield code="d">NVF</subfield><subfield code="d">OCLCQ</subfield><subfield code="d">NVF</subfield><subfield code="d">OCLCF</subfield><subfield code="d">OCLCO</subfield></datafield><datafield ind1="1" ind2=" " tag="029"><subfield code="a">AU@</subfield><subfield code="b">000020744936</subfield></datafield><datafield ind1=" " ind2=" " tag="042"><subfield code="a">pcc</subfield></datafield><datafield ind1=" " ind2=" " tag="043"><subfield code="a">n-us-il</subfield></datafield><datafield ind1="0" ind2="0" tag="245"><subfield code="a">Calhoun times-herald.</subfield></datafield><datafield ind1="3" ind2=" " tag="246"><subfield code="a">Calhoun times herald</subfield></datafield><datafield ind1=" " ind2=" " tag="260"><subfield code="a">Hardin, Ill. :</subfield><subfield code="b">H.M. Cornick,</subfield><subfield code="c">1902-[190-?]</subfield></datafield><datafield ind1=" " ind2=" " tag="300"><subfield code="a">v.</subfield></datafield><datafield ind1=" " ind2=" " tag="310"><subfield code="a">Weekly</subfield></datafield><datafield ind1="0" ind2=" " tag="362"><subfield code="a">Vol. 30, no. 4 (Apr. 24, 1902)-</subfield></datafield><datafield ind1=" " ind2=" " tag="515"><subfield code="a">Continues the numbering of Calhoun herald (Hardin, Ill. : 1873).</subfield></datafield><datafield ind1=" " ind2=" " tag="580"><subfield code="a">Formed by the union of: Calhoun times (Batchtown, Ill.) and: Calhoun herald (Hardin, Ill. : 1873).</subfield></datafield><datafield ind1=" " ind2=" " tag="588"><subfield code="a">Latest issue consulted: (Mar. 6, 1903).</subfield></datafield><datafield ind1=" " ind2="0" tag="651"><subfield code="a">Hardin (Ill.)</subfield><subfield code="v">Newspapers.</subfield></datafield><datafield ind1=" " ind2="0" tag="651"><subfield code="a">Calhoun County (Ill.)</subfield><subfield code="v">Newspapers.</subfield></datafield><datafield ind1=" " ind2="7" tag="655"><subfield code="a">Newspapers.</subfield><subfield code="2">fast</subfield><subfield code="0">(OCoLC)fst01423814</subfield></datafield><datafield ind1=" " ind2="7" tag="651"><subfield code="a">Illinois</subfield><subfield code="z">Calhoun County.</subfield><subfield code="2">fast</subfield><subfield code="0">(OCoLC)fst01214771</subfield></datafield><datafield ind1=" " ind2="7" tag="651"><subfield code="a">Illinois</subfield><subfield code="z">Hardin.</subfield><subfield code="2">fast</subfield><subfield code="0">(OCoLC)fst01209116</subfield></datafield><datafield ind1=" " ind2=" " tag="752"><subfield code="a">United States</subfield><subfield code="b">Illinois</subfield><subfield code="c">Calhoun</subfield><subfield code="d">Hardin.</subfield></datafield><datafield ind1="1" ind2="4" tag="780"><subfield code="t">Calhoun times (Batchtown, Ill.)</subfield><subfield code="w">(DLC)sn 93055744</subfield><subfield code="w">(OCoLC)28396265</subfield></datafield><datafield ind1="1" ind2="4" tag="780"><subfield code="t">Calhoun herald (Hardin, Ill. : 1873)</subfield><subfield code="w">(DLC)sn 93055743</subfield><subfield code="w">(OCoLC)28396197</subfield></datafield><datafield ind1="0" ind2="0" tag="785"><subfield code="t">Calhoun herald (Hardin, Ill. : 1904)</subfield><subfield code="w">(DLC)sn 93055746</subfield><subfield code="w">(OCoLC)28396352</subfield></datafield></record>